
@book{SNAIntroduction,
  title     = "Social Network Analysis.An Introduction",
  author    = "Panges, Ioannis",
  year      = 2016,
  publisher = "GRIN Verlag",
  url       = "https://www.grin.com/document/371489"
}

@online{CompanySNA,
  author = "Christina Newberry",
  title = "How to Find and Target Your Social Media Audience (Free Template)",
  year = 2020,
  url = "https://blog.hootsuite.com/target-market/",
  urldate = "2020-03-28"
}

@inbook{networkPattern,
author = "Sheble, Laura and Brennan, Kathy and Wildemuth, Barbara",
title = "Social network analysis",
year = 2016,
month = 01,
pages = "250-339",
isbn = "978-1440839047"
}

@online{SNADefinition,
  author = "Unknown",
  title = "Social Networks",
  year = "2021, February 20",
  url = "https://socialsci.libretexts.org/@go/page/8043",
  urldate = "2022-03-28"
}

@online{SNAWeb2.0,
  author = "Unknown",
  title = "Web 2.0 and Social Media",
  year = "2022, March 02",
  url = "https://mitchell.libguides.com/c.php?g=529360&p=3620303",
  urldate = "2022-03-28"
}

@book{wasserman1994social,
  author = "Wasserman, Stanley and Faust, Katherine",
  biburl = "https://www.bibsonomy.org/bibtex/27b1c3ba3ba7651ea77e67c4bdaf6ae5f/mjobst",
  publisher = "Cambridge university press",
  timestamp = {2013-07-02T14:50:25.000+0200},
  title = "Social network analysis: Methods and applications",
  url = {http://scholar.google.com/scholar.bib?q=info:gET6m8icitMJ:scholar.google.com/&output=citation&hl=en&as_sdt=0,5&as_vis=1&ct=citation&cd=0},
  volume = 8,
  year = 1994
}

@book{Hanneman,
author = "Hanneman, R., & Riddle, M.",
publisher = "University of California, Riverside",
title = "Introduction to Social Network Methods (Hanneman)",
url = {https://math.libretexts.org/@go/page/7645}, 
year = 2019
}


@online{NetworkX,
  author = "NetworkX Developers",
  title = "NetworkX, Network Analysis in Python",
  year = "2014-2022",
  url = "https://networkx.org/",
  urldate = "2022-03-28"
}

@article{egocentric,
author = {Marsden, Peter},
year = {2002},
month = {10},
pages = {407-422},
title = {Egocentric and Sociocentric Measures of Network Centrality},
volume = {24},
journal = {Social Networks - SOC NETWORKS},
doi = {10.1016/S0378-8733(02)00016-3}
}


@article{charlesKadushin,
author = {Kadushin, Charles},
year = {2004},
month = {01},
pages = {},
title = {Introduction to Social Network Theory}
}

@incollection{GOLBECK201325,
title = {Chapter 3 - Network Structure and Measures},
editor = {Jennifer Golbeck},
booktitle = {Analyzing the Social Web},
publisher = {Morgan Kaufmann},
address = {Boston},
pages = {25-44},
year = {2013},
isbn = {978-0-12-405531-5},
doi = {https://doi.org/10.1016/B978-0-12-405531-5.00003-1},
url = {https://www.sciencedirect.com/science/article/pii/B9780124055315000031},
author = {Jennifer Golbeck}
}

@inbook{francisco,
author = {Rodrigues, Francisco},
year = {2018},
month = {03},
pages = {},
title = {Network Centrality: An Introduction},
isbn = {978-3-319-78511-0},
doi = {10.1007/978-3-319-78512-7_10}
}

@book{SpringerElbert,
author = "Elbert E N Macau",
publisher = "Springer",
title = "A mathematical modeling approach from nonlinear dynamics to complex systems",
url = {https://www.worldcat.org/title/mathematical-modeling-approach-from-nonlinear-dynamics-to-complex-systems/oclc/1117866920}, 
year = 20198
}

@article{brittaRuhnau,
author = {Ruhnau, Britta},
year = {2000},
month = {10},
pages = {357-365},
title = {Eigenvector-centrality â€” a node-centrality?},
volume = {22},
journal = {Social Networks},
doi = {10.1016/S0378-8733(00)00031-9}
}

@online{fbInsta,
  author = "Ruchi Nayyar",
  title = "Representing Graphs in Data Structures",
  year = "Oktober 2017",
  url = "https://www.mygreatlearning.com/blog/representing-graphs-in-data-structures/",
  urldate = "2022-03-28"
}

@online{GOT,
  author = "George Pipis",
  title = "Social Network Analysis Of Game Of Thrones In NetworkX",
  year = "September 2019",
  url = "https://predictivehacks.com/social-network-analysis-of-game-of-thrones/",
  urldate = "2022-03-28"
}

@online{Generators,
  author = "NetworkX Developers",
  title = "Graph generators",
  year = "2014-2022",
  url = "https://networkx.org/documentation/stable/reference/generators.html",
  urldate = "2022-03-28"
}

@online{FBData,
  author = "By Jure Leskovec",
  title = "Social circles: Facebook",
  year = "2012",
  url = "https://snap.stanford.edu/data/ego-Facebook.html",
  urldate = "2022-03-28"
}

@online{TZ,
  author = "Tanja Zast",
  title = "Social Network Analysis",
  year = "2022",
  url = "https://github.com/TanjaZast/bachelorthesis-sna",
  urldate = "2022-03-28"
}

